@Manual{R-assertthat,
  title = {assertthat: Easy Pre and Post Assertions},
  author = {Hadley Wickham},
  year = {2019},
  note = {R package version 0.2.1},
  url = {https://CRAN.R-project.org/package=assertthat},
}

@Manual{R-base,
  title = {R: A Language and Environment for Statistical Computing},
  author = {{R Core Team}},
  organization = {R Foundation for Statistical Computing},
  address = {Vienna, Austria},
  year = {2022},
  url = {https://www.R-project.org/},
}

@Manual{R-Biobase,
  title = {Biobase: Base functions for Bioconductor},
  author = {R. Gentleman and V. Carey and M. Morgan and S. Falcon},
  year = {2022},
  note = {R package version 2.56.0},
  url = {https://bioconductor.org/packages/Biobase},
}

@Manual{R-BiocGenerics,
  title = {BiocGenerics: S4 generic functions used in Bioconductor},
  author = {The Bioconductor Dev Team},
  year = {2022},
  note = {R package version 0.42.0},
  url = {https://bioconductor.org/packages/BiocGenerics},
}

@Manual{R-BiocManager,
  title = {BiocManager: Access the Bioconductor Project Package Repository},
  author = {Martin Morgan},
  year = {2022},
  note = {R package version 1.30.18},
  url = {https://CRAN.R-project.org/package=BiocManager},
}

@Manual{R-bookdown,
  title = {bookdown: Authoring Books and Technical Documents with R Markdown},
  author = {Yihui Xie},
  year = {2022},
  note = {R package version 0.27},
  url = {https://CRAN.R-project.org/package=bookdown},
}

@Manual{R-car,
  title = {car: Companion to Applied Regression},
  author = {John Fox and Sanford Weisberg and Brad Price},
  year = {2022},
  note = {R package version 3.1-0},
  url = {https://CRAN.R-project.org/package=car},
}

@Manual{R-carData,
  title = {carData: Companion to Applied Regression Data Sets},
  author = {John Fox and Sanford Weisberg and Brad Price},
  year = {2022},
  note = {R package version 3.0-5},
  url = {https://CRAN.R-project.org/package=carData},
}

@Manual{R-data.table,
  title = {data.table: Extension of `data.frame`},
  author = {Matt Dowle and Arun Srinivasan},
  year = {2021},
  note = {R package version 1.14.2},
  url = {https://CRAN.R-project.org/package=data.table},
}

@Manual{R-DESeq2,
  title = {DESeq2: Differential gene expression analysis based on the negative
binomial distribution},
  author = {Michael Love and Simon Anders and Wolfgang Huber},
  year = {2022},
  note = {R package version 1.36.0},
  url = {https://github.com/mikelove/DESeq2},
}

@Manual{R-dplyr,
  title = {dplyr: A Grammar of Data Manipulation},
  author = {Hadley Wickham and Romain François and Lionel Henry and Kirill Müller},
  year = {2022},
  note = {R package version 1.0.9},
  url = {https://CRAN.R-project.org/package=dplyr},
}

@Manual{R-EnhancedVolcano,
  title = {EnhancedVolcano: Publication-ready volcano plots with enhanced colouring and
labeling},
  author = {Kevin Blighe and Sharmila Rana and Myles Lewis},
  year = {2022},
  note = {R package version 1.14.0},
  url = {https://github.com/kevinblighe/EnhancedVolcano},
}

@Manual{R-enrichR,
  title = {enrichR: Provides an R Interface to Enrichr},
  author = {Wajid Jawaid},
  year = {2021},
  note = {R package version 3.0},
  url = {https://CRAN.R-project.org/package=enrichR},
}

@Manual{R-forcats,
  title = {forcats: Tools for Working with Categorical Variables (Factors)},
  author = {Hadley Wickham},
  year = {2021},
  note = {R package version 0.5.1},
  url = {https://CRAN.R-project.org/package=forcats},
}

@Manual{R-GenomeInfoDb,
  title = {GenomeInfoDb: Utilities for manipulating chromosome names, including modifying
them to follow a particular naming style},
  author = {Sonali Arora and Martin Morgan and Marc Carlson and H. Pagès},
  year = {2022},
  note = {R package version 1.32.2},
  url = {https://bioconductor.org/packages/GenomeInfoDb},
}

@Manual{R-GenomicRanges,
  title = {GenomicRanges: Representation and manipulation of genomic intervals},
  author = {P. Aboyoun and H. Pagès and M. Lawrence},
  year = {2022},
  note = {R package version 1.48.0},
  url = {https://bioconductor.org/packages/GenomicRanges},
}

@Manual{R-ggplot2,
  title = {ggplot2: Create Elegant Data Visualisations Using the Grammar of Graphics},
  author = {Hadley Wickham and Winston Chang and Lionel Henry and Thomas Lin Pedersen and Kohske Takahashi and Claus Wilke and Kara Woo and Hiroaki Yutani and Dewey Dunnington},
  year = {2022},
  note = {R package version 3.3.6},
  url = {https://CRAN.R-project.org/package=ggplot2},
}

@Manual{R-ggplotify,
  title = {ggplotify: Convert Plot to grob or ggplot Object},
  author = {Guangchuang Yu},
  year = {2021},
  note = {R package version 0.1.0},
  url = {https://github.com/GuangchuangYu/ggplotify},
}

@Manual{R-ggpmisc,
  title = {ggpmisc: Miscellaneous Extensions to ggplot2},
  author = {Pedro J. Aphalo},
  year = {2022},
  note = {R package version 0.4.7},
  url = {https://CRAN.R-project.org/package=ggpmisc},
}

@Manual{R-ggpp,
  title = {ggpp: Grammar Extensions to ggplot2},
  author = {Pedro J. Aphalo},
  year = {2022},
  note = {R package version 0.4.4},
  url = {https://CRAN.R-project.org/package=ggpp},
}

@Manual{R-ggpubr,
  title = {ggpubr: ggplot2 Based Publication Ready Plots},
  author = {Alboukadel Kassambara},
  year = {2020},
  note = {R package version 0.4.0},
  url = {https://rpkgs.datanovia.com/ggpubr/},
}

@Manual{R-ggrepel,
  title = {ggrepel: Automatically Position Non-Overlapping Text Labels with
ggplot2},
  author = {Kamil Slowikowski},
  year = {2021},
  note = {R package version 0.9.1},
  url = {https://github.com/slowkow/ggrepel},
}

@Manual{R-ggVennDiagram,
  title = {ggVennDiagram: A ggplot2 Implement of Venn Diagram},
  author = {Chun-Hui Gao},
  year = {2021},
  note = {R package version 1.2.0},
  url = {https://github.com/gaospecial/ggVennDiagram},
}

@Manual{R-glue,
  title = {glue: Interpreted String Literals},
  author = {Jim Hester and Jennifer Bryan},
  year = {2022},
  note = {R package version 1.6.2},
  url = {https://CRAN.R-project.org/package=glue},
}

@Manual{R-gridExtra,
  title = {gridExtra: Miscellaneous Functions for "Grid" Graphics},
  author = {Baptiste Auguie},
  year = {2017},
  note = {R package version 2.3},
  url = {https://CRAN.R-project.org/package=gridExtra},
}

@Manual{R-IRanges,
  title = {IRanges: Foundation of integer range manipulation in Bioconductor},
  author = {H. Pagès and P. Aboyoun and M. Lawrence},
  year = {2022},
  note = {R package version 2.30.0},
  url = {https://bioconductor.org/packages/IRanges},
}

@Manual{R-kableExtra,
  title = {kableExtra: Construct Complex Table with kable and Pipe Syntax},
  author = {Hao Zhu},
  year = {2021},
  note = {R package version 1.3.4},
  url = {https://CRAN.R-project.org/package=kableExtra},
}

@Manual{R-knitr,
  title = {knitr: A General-Purpose Package for Dynamic Report Generation in R},
  author = {Yihui Xie},
  year = {2022},
  note = {R package version 1.39},
  url = {https://yihui.org/knitr/},
}

@Manual{R-magrittr,
  title = {magrittr: A Forward-Pipe Operator for R},
  author = {Stefan Milton Bache and Hadley Wickham},
  year = {2022},
  note = {R package version 2.0.3},
  url = {https://CRAN.R-project.org/package=magrittr},
}

@Manual{R-Matrix,
  title = {Matrix: Sparse and Dense Matrix Classes and Methods},
  author = {Douglas Bates and Martin Maechler and Mikael Jagan},
  year = {2022},
  note = {R package version 1.4-1},
  url = {https://CRAN.R-project.org/package=Matrix},
}

@Manual{R-MatrixGenerics,
  title = {MatrixGenerics: S4 Generic Summary Statistic Functions that Operate on
Matrix-Like Objects},
  author = {Constantin Ahlmann-Eltze and Peter Hickey and Hervé Pagès},
  year = {2022},
  note = {R package version 1.8.1},
  url = {https://bioconductor.org/packages/MatrixGenerics},
}

@Manual{R-matrixStats,
  title = {matrixStats: Functions that Apply to Rows and Columns of Matrices (and to
Vectors)},
  author = {Henrik Bengtsson},
  year = {2022},
  note = {R package version 0.62.0},
  url = {https://github.com/HenrikBengtsson/matrixStats},
}

@Manual{R-moments,
  title = {moments: Moments, Cumulants, Skewness, Kurtosis and Related Tests},
  author = {Lukasz Komsta and Frederick Novomestky},
  year = {2022},
  note = {R package version 0.14.1},
  url = {https://CRAN.R-project.org/package=moments},
}

@Manual{R-msigdbr,
  title = {msigdbr: MSigDB Gene Sets for Multiple Organisms in a Tidy Data Format},
  author = {Igor Dolgalev},
  year = {2022},
  note = {R package version 7.5.1},
  url = {https://igordot.github.io/msigdbr/},
}

@Manual{R-patchwork,
  title = {patchwork: The Composer of Plots},
  author = {Thomas Lin Pedersen},
  year = {2020},
  note = {R package version 1.1.1},
  url = {https://CRAN.R-project.org/package=patchwork},
}

@Manual{R-pheatmap,
  title = {pheatmap: Pretty Heatmaps},
  author = {Raivo Kolde},
  year = {2019},
  note = {R package version 1.0.12},
  url = {https://CRAN.R-project.org/package=pheatmap},
}

@Manual{R-purrr,
  title = {purrr: Functional Programming Tools},
  author = {Lionel Henry and Hadley Wickham},
  year = {2020},
  note = {R package version 0.3.4},
  url = {https://CRAN.R-project.org/package=purrr},
}

@Manual{R-ragg,
  title = {ragg: Graphic Devices Based on AGG},
  author = {Thomas Lin Pedersen and Maxim Shemanarev},
  year = {2022},
  note = {R package version 1.2.2},
  url = {https://CRAN.R-project.org/package=ragg},
}

@Manual{R-readr,
  title = {readr: Read Rectangular Text Data},
  author = {Hadley Wickham and Jim Hester and Jennifer Bryan},
  year = {2022},
  note = {R package version 2.1.2},
  url = {https://CRAN.R-project.org/package=readr},
}

@Manual{R-rmarkdown,
  title = {rmarkdown: Dynamic Documents for R},
  author = {JJ Allaire and Yihui Xie and Jonathan McPherson and Javier Luraschi and Kevin Ushey and Aron Atkins and Hadley Wickham and Joe Cheng and Winston Chang and Richard Iannone},
  year = {2022},
  note = {R package version 2.14},
  url = {https://CRAN.R-project.org/package=rmarkdown},
}

@Manual{R-RSQLite,
  title = {RSQLite: SQLite Interface for R},
  author = {Kirill Müller and Hadley Wickham and David A. James and Seth Falcon},
  year = {2022},
  note = {R package version 2.2.14},
  url = {https://CRAN.R-project.org/package=RSQLite},
}

@Manual{R-rstatix,
  title = {rstatix: Pipe-Friendly Framework for Basic Statistical Tests},
  author = {Alboukadel Kassambara},
  year = {2021},
  note = {R package version 0.7.0},
  url = {https://rpkgs.datanovia.com/rstatix/},
}

@Manual{R-S4Vectors,
  title = {S4Vectors: Foundation of vector-like and list-like containers in
Bioconductor},
  author = {H. Pagès and M. Lawrence and P. Aboyoun},
  year = {2022},
  note = {R package version 0.34.0},
  url = {https://bioconductor.org/packages/S4Vectors},
}

@Manual{R-snakecase,
  title = {snakecase: Convert Strings into any Case},
  author = {Malte Grosser},
  year = {2019},
  note = {R package version 0.11.0},
  url = {https://github.com/Tazinho/snakecase},
}

@Manual{R-stringr,
  title = {stringr: Simple, Consistent Wrappers for Common String Operations},
  author = {Hadley Wickham},
  year = {2019},
  note = {R package version 1.4.0},
  url = {https://CRAN.R-project.org/package=stringr},
}

@Manual{R-SummarizedExperiment,
  title = {SummarizedExperiment: SummarizedExperiment container},
  author = {Martin Morgan and Valerie Obenchain and Jim Hester and Hervé Pagès},
  year = {2022},
  note = {R package version 1.26.1},
  url = {https://bioconductor.org/packages/SummarizedExperiment},
}

@Manual{R-tibble,
  title = {tibble: Simple Data Frames},
  author = {Kirill Müller and Hadley Wickham},
  year = {2022},
  note = {R package version 3.1.7},
  url = {https://CRAN.R-project.org/package=tibble},
}

@Manual{R-tidyestimate,
  title = {tidyestimate: A Tidy Implementation of ESTIMATE},
  author = {Kai Aragaki and Kosuke Yoshihara and Rahulsimham Vegesna and Hoon Kim and Roel Verhaak},
  year = {2021},
  note = {R package version 1.1.0},
  url = {https://github.com/KaiAragaki/tidyestimate},
}

@Manual{R-tidyr,
  title = {tidyr: Tidy Messy Data},
  author = {Hadley Wickham and Maximilian Girlich},
  year = {2022},
  note = {R package version 1.2.0},
  url = {https://CRAN.R-project.org/package=tidyr},
}

@Manual{R-tidyverse,
  title = {tidyverse: Easily Install and Load the Tidyverse},
  author = {Hadley Wickham},
  year = {2021},
  note = {R package version 1.3.1},
  url = {https://CRAN.R-project.org/package=tidyverse},
}

@Manual{R-uwot,
  title = {uwot: The Uniform Manifold Approximation and Projection (UMAP) Method
for Dimensionality Reduction},
  author = {James Melville},
  year = {2021},
  note = {R package version 0.1.11},
  url = {https://github.com/jlmelville/uwot},
}

@Manual{R-viridis,
  title = {viridis: Colorblind-Friendly Color Maps for R},
  author = {Simon Garnier},
  year = {2021},
  note = {R package version 0.6.2},
  url = {https://CRAN.R-project.org/package=viridis},
}

@Manual{R-viridisLite,
  title = {viridisLite: Colorblind-Friendly Color Maps (Lite Version)},
  author = {Simon Garnier},
  year = {2021},
  note = {R package version 0.4.0},
  url = {https://CRAN.R-project.org/package=viridisLite},
}

@Manual{R-vroom,
  title = {vroom: Read and Write Rectangular Text Data Quickly},
  author = {Jim Hester and Hadley Wickham and Jennifer Bryan},
  year = {2021},
  note = {R package version 1.5.7},
  url = {https://CRAN.R-project.org/package=vroom},
}

@Article{Biobase2015,
  author = {W. Huber and V. J. Carey and R. Gentleman and S. Anders and M. Carlson and B. S. Carvalho and H. C. Bravo and S. Davis and L. Gatto and T. Girke and R. Gottardo and F. Hahne and K. D. Hansen and R. A. Irizarry and M. Lawrence and M. I. Love and J. MacDonald and V. Obenchain and A. K. {Ole's} and H. {Pag`es} and A. Reyes and P. Shannon and G. K. Smyth and D. Tenenbaum and L. Waldron and M. Morgan},
  title = {{O}rchestrating high-throughput genomic analysis with {B}ioconductor},
  journal = {Nature Methods},
  year = {2015},
  volume = {12},
  number = {2},
  pages = {115--121},
  url = {http://www.nature.com/nmeth/journal/v12/n2/full/nmeth.3252.html},
}

@Article{BiocGenerics2015,
  author = {{Huber} and {W.} and {Carey} and V. J. and {Gentleman} and {R.} and {Anders} and {S.} and {Carlson} and {M.} and {Carvalho} and B. S. and {Bravo} and H. C. and {Davis} and {S.} and {Gatto} and {L.} and {Girke} and {T.} and {Gottardo} and {R.} and {Hahne} and {F.} and {Hansen} and K. D. and {Irizarry} and R. A. and {Lawrence} and {M.} and {Love} and M. I. and {MacDonald} and {J.} and {Obenchain} and {V.} and {{Ole's}} and A. K. and {{Pag`es}} and {H.} and {Reyes} and {A.} and {Shannon} and {P.} and {Smyth} and G. K. and {Tenenbaum} and {D.} and {Waldron} and {L.} and {Morgan} and {M.}},
  title = {{O}rchestrating high-throughput genomic analysis with {B}ioconductor},
  journal = {Nature Methods},
  year = {2015},
  volume = {12},
  number = {2},
  pages = {115--121},
  url = {http://www.nature.com/nmeth/journal/v12/n2/full/nmeth.3252.html},
}

@Book{bookdown2016,
  title = {bookdown: Authoring Books and Technical Documents with {R} Markdown},
  author = {Yihui Xie},
  publisher = {Chapman and Hall/CRC},
  address = {Boca Raton, Florida},
  year = {2016},
  note = {ISBN 978-1138700109},
  url = {https://bookdown.org/yihui/bookdown},
}

@Book{car2019,
  title = {An {R} Companion to Applied Regression},
  edition = {Third},
  author = {John Fox and Sanford Weisberg},
  year = {2019},
  publisher = {Sage},
  address = {Thousand Oaks {CA}},
  url = {https://socialsciences.mcmaster.ca/jfox/Books/Companion/},
}

@Article{DESeq22014,
  title = {Moderated estimation of fold change and dispersion for RNA-seq data with DESeq2},
  author = {Michael I. Love and Wolfgang Huber and Simon Anders},
  year = {2014},
  journal = {Genome Biology},
  doi = {10.1186/s13059-014-0550-8},
  volume = {15},
  issue = {12},
  pages = {550},
}

@Article{GenomicRanges2013,
  title = {Software for Computing and Annotating Genomic Ranges},
  author = {Michael Lawrence and Wolfgang Huber and Herv\'e Pag\`es and Patrick Aboyoun and Marc Carlson and Robert Gentleman and Martin Morgan and Vincent Carey},
  year = {2013},
  journal = {{PLoS} Computational Biology},
  volume = {9},
  issue = {8},
  doi = {10.1371/journal.pcbi.1003118},
  url = {http://www.ploscompbiol.org/article/info%3Adoi%2F10.1371%2Fjournal.pcbi.1003118},
}

@Book{ggplot22016,
  author = {Hadley Wickham},
  title = {ggplot2: Elegant Graphics for Data Analysis},
  publisher = {Springer-Verlag New York},
  year = {2016},
  isbn = {978-3-319-24277-4},
  url = {https://ggplot2.tidyverse.org},
}

@Article{IRanges2013,
  title = {Software for Computing and Annotating Genomic Ranges},
  author = {Michael Lawrence and Wolfgang Huber and Herv\'e Pag\`es and Patrick Aboyoun and Marc Carlson and Robert Gentleman and Martin Morgan and Vincent Carey},
  year = {2013},
  journal = {{PLoS} Computational Biology},
  volume = {9},
  issue = {8},
  doi = {10.1371/journal.pcbi.1003118},
  url = {http://www.ploscompbiol.org/article/info%3Adoi%2F10.1371%2Fjournal.pcbi.1003118},
}

@Book{knitr2015,
  title = {Dynamic Documents with {R} and knitr},
  author = {Yihui Xie},
  publisher = {Chapman and Hall/CRC},
  address = {Boca Raton, Florida},
  year = {2015},
  edition = {2nd},
  note = {ISBN 978-1498716963},
  url = {https://yihui.org/knitr/},
}

@InCollection{knitr2014,
  booktitle = {Implementing Reproducible Computational Research},
  editor = {Victoria Stodden and Friedrich Leisch and Roger D. Peng},
  title = {knitr: A Comprehensive Tool for Reproducible Research in {R}},
  author = {Yihui Xie},
  publisher = {Chapman and Hall/CRC},
  year = {2014},
  note = {ISBN 978-1466561595},
  url = {http://www.crcpress.com/product/isbn/9781466561595},
}

@Book{rmarkdown2018,
  title = {R Markdown: The Definitive Guide},
  author = {Yihui Xie and J.J. Allaire and Garrett Grolemund},
  publisher = {Chapman and Hall/CRC},
  address = {Boca Raton, Florida},
  year = {2018},
  note = {ISBN 9781138359338},
  url = {https://bookdown.org/yihui/rmarkdown},
}

@Book{rmarkdown2020,
  title = {R Markdown Cookbook},
  author = {Yihui Xie and Christophe Dervieux and Emily Riederer},
  publisher = {Chapman and Hall/CRC},
  address = {Boca Raton, Florida},
  year = {2020},
  note = {ISBN 9780367563837},
  url = {https://bookdown.org/yihui/rmarkdown-cookbook},
}

@Article{tidyverse2019,
  title = {Welcome to the {tidyverse}},
  author = {Hadley Wickham and Mara Averick and Jennifer Bryan and Winston Chang and Lucy D'Agostino McGowan and Romain François and Garrett Grolemund and Alex Hayes and Lionel Henry and Jim Hester and Max Kuhn and Thomas Lin Pedersen and Evan Miller and Stephan Milton Bache and Kirill Müller and Jeroen Ooms and David Robinson and Dana Paige Seidel and Vitalie Spinu and Kohske Takahashi and Davis Vaughan and Claus Wilke and Kara Woo and Hiroaki Yutani},
  year = {2019},
  journal = {Journal of Open Source Software},
  volume = {4},
  number = {43},
  pages = {1686},
  doi = {10.21105/joss.01686},
}

